<?xml version="1.0" encoding="UTF-8"?><collection xmlns="http://www.loc.gov/MARC21/slim"><record><leader>00370nam--2200133-i-4500</leader><controlfield tag="001">000041188</controlfield><controlfield tag="002">20161230</controlfield><controlfield tag="005">20161230201043</controlfield><controlfield tag="008">060222s1000------------r-----000-0-eng-d</controlfield><datafield ind1=" " ind2=" " tag="080"><subfield code="a">519.688:574.8</subfield></datafield><datafield ind1=" " ind2=" " tag="100"><subfield code="a">Segel, Lee A</subfield></datafield><datafield ind1=" " ind2=" " tag="245"><subfield code="a">Modeling dynamic phenomena in molecular and cellular biology</subfield></datafield><datafield ind1=" " ind2=" " tag="260"><subfield code="a">Cambridge, Cambridge Univ.Press, 1987, Xx+300p</subfield></datafield><datafield ind1=" " ind2=" " tag="852"><subfield code="a">74776</subfield></datafield></record></collection>